
@book{Leader04,
  title="{Numerical analysis and scientific computation}",
  author="{J.J. Leader}",
  publisher="{Pearson Addison Wesley}",
  year="{2004}"
}


@article{Kahl17,
  title="{The deflated conjugate gradient method: Convergence, perturbation and accuracy}",
  author="{K. Kahl and H. Rittich}",
  journal="{Linear Algebra and its Applications}",
  volume="{515}",
  pages="{111--129}",
  year="{2017}",
  publisher="{Elsevier}"
}
@article{vanderSluis86,
  title="{The rate of convergence of conjugate gradients}",
  author="{A. Van der Sluis, Abraham and H.A. van der Vorst}",
  journal="{Numerische Mathematik}",
  volume="{48}",
  number="{5}",
  pages="{543--560}",
  year="{1986}",
  publisher="{Springer}"
}
@book{vanderVorst03,
  title="{Iterative Krylov methods for large linear systems}",
  author="{H.A. Van der Vorst}",
  volume="{13}",
  year="{2003}",
  publisher="{Cambridge University Press}"
}

@article{vanderVorst88,
author = "{H.A. Van der Vorst, C. Dekker}",
year = "{1988}",
month =" {11}",
pages = "{73-87}",
title = "{Conjugate gradient type methods and preconditioning}",
volume = "{24}",
journal = "{Journal of Computational and Applied Mathematics}"
}

@article{Diaz17,
title = "{On POD-based Deflation Vectors for DPCG applied to porous media problems}",
author="{G.B. Diaz Cortes, C. Vuik and J.D. Jansen}",
journal = "{Journal of Computational and Applied Mathematics}",
volume = "{330}",
number = "{Supplement C}",
pages = "{193 - 213}",
year = "{2018}",

}

@Techreport{Diaz17_TU,
 Author = "{G.B. Diaz Cortes, C. Vuik and J.D. Jansen}",
 Title = "{On POD-based Deflation Vectors for DPCG applied to porous media problems}",
 Institution = "{ Delft University of Technology, Delft
              Institute of Applied Mathematics}",
 Year = "{2017}",
 Type = "{Report}",
 Number = "{17-1}",
 Address = "{Delft}" }
 
@article{Astrid08,
  title="{Missing point estimation in models described by proper orthogonal decomposition}",
  author="{P. Astrid, S. Weiland, K. Willcox and T. Backx}",
  journal="{IEEE Transactions on Automatic Control}",
  volume="{53}",
  number="{10}",
  pages="{2237--2251}",
  year="{2008}",
  publisher="{IEEE}"
}

@article{Kerschen05,
  title="{The method of proper orthogonal decomposition for dynamical characterization and order reduction of mechanical systems: an overview}",
  author="{G. Kerschen, J.C. Golinval, A. Vakakis and L.A. Bergman}",
  journal="{Nonlinear dynamics}",
  volume="{41}",
  number="{1}",
  pages="{147--169}",
  year="{2005}",
  publisher="{Springer}"
}

@book{Schilders08,
  title="{Model order reduction: theory, research aspects and applications}",
  author="{W. Schilders, H. Van der Vorst and J. Rommes}",
  volume="{13}",
  year="{2008}",
  publisher="{Springer}"
}

@article{Zhao16,
  title="{A Spectral Analysis of Subspace Enhanced Preconditioners}",
  author="{Zhao, Tao}",
  journal="{Journal of Scientific Computing}",
  volume="{66}",
  number="{1}",
  pages="{435--457}",
  year="{2016}",
  publisher="{Springer}"
}

@article{Nabben04,
  title="{A comparison of deflation and coarse grid correction applied to porous media flow}",
  author="{R. Nabben and C. Vuik}",
  journal="{SIAM Journal on Numerical Analysis}",
  volume="{42}",
  number="{4}",
  pages="{1631--1647}",
  year="{2004}",
  publisher="{SIAM}"
}


@article{Aubry08,
  title="{Deflated preconditioned conjugate gradient solvers for the Pressure--Poisson equation}",
  author="{Aubry, Romain and Mut, Fernando and L{\"o}hner, Rainald and Cebral, Juan R}",
  journal="{Journal of Computational Physics}",
  volume="{227}",
  number="{24}",
  pages="{10196--10208}",
  year="{2008}",
  publisher="{Elsevier}"
}



@article{Lohner11,
  title="{Deflated preconditioned conjugate gradient solvers for the pressure-Poisson equation: Extensions and improvements}",
  author="{L{\"o}hner, Rainald and Mut, Fernando and Cebral, Juan Raul and Aubry, Romain and Houzeaux, Guillaume}",
  journal="{International Journal for Numerical Methods in Engineering}",
  volume="{87}",
  number="{1-5}",
  pages="{2--14}",
  year="{2011}",
  publisher="{Wiley Online Library}"
}


@article{Aubry11,
  title="{Deflated preconditioned conjugate gradient solvers for linear elasticity}",
  author="{Aubry, R and Mut, F and Dey, S and L{\"o}hner, R}",
  journal="{International Journal for Numerical Methods in Engineering}",
  volume="{88}",
  number="{11}",
  pages="{1112--1127}",
  year="{2011}",
  publisher="{Wiley Online Library}"
}


@article{Jonsthovel12c,
  title="{Comparison of the deflated preconditioned conjugate gradient method and algebraic multigrid for composite materials}",
  author="{J{\"o}nsth{\"o}vel, TB and Van Gijzen, MB and MacLachlan, S and Vuik, C and Scarpas, A}",
  journal="{Computational Mechanics}",
  volume="{50}",
  number="{3}",
  pages="{321--333}",
  year="{2012}",
  publisher="{Springer}"
}


@article{Jonsthovel13,
  title="{On the use of rigid body modes in the deflated preconditioned conjugate gradient method}",
  author="{Jonsthovel, TB and van Gijzen, Martin B and Vuik, Cornelis and Scarpas, A}",
  journal="{SIAM Journal on Scientific Computing}",
  volume="{35}",
  number="{1}",
  pages="{B207--B225}",
  year="{2013}",
  publisher="{SIAM}"
}
@article{Birk14,
  title="{A deflated conjugate gradient method for multiple right hand sides and multiple shifts}",
  author="{Birk, Sebastian and Frommer, Andreas}",
  journal="{Numerical Algorithms}",
  volume="{67}",
  number="{3}",
  pages="{507--529}",
  year="{2014}",
  publisher="{Springer}"
}

@article{Ebadi16,
  title="{Deflated and augmented global Krylov subspace methods for the matrix equations}",
  author="{Ebadi, G and Alipour, N and Vuik, C}",
  journal="{Applied Numerical Mathematics}",
  volume="{99}",
  pages="{137--150}",
  year="{2016}",
  publisher="{Elsevier}"
}

@article{Ludwig16,
  title="{Deflation and projection methods applied to symmetric positive semi-definite systems}",
  author="{E. Ludwig, R. Nabben and J. Tang}",
  journal="{Linear Algebra and its Applications}",
  volume="{489}",
  pages="{253--273}",
  year="{2016}",
  publisher="{Elsevier}"
}

@article{Wei17,
  title="{Implicitly Restarted Refined Partially Orthogonal Projection Method with Deflation}",
  author="{Wei, Wei and Dai, Hua}",
  journal="{East Asian Journal on Applied Mathematics}",
  volume="{7}",
  number="{1}",
  pages="{1--20}",
  year="{2017}",
  publisher="{Cambridge University Press}"
}


@article{Gupta16,
  title="{Evaluation of the deflated preconditioned CG method to solve bubbly and porous media flow problems on GPU and CPU}",
  author="{Gupta, Rohit and Lukarski, Dimitar and Gijzen, MB and Vuik, Cornelis}",
  journal="{International Journal for Numerical Methods in Fluids}",
  volume="{80}",
  number="{11}",
  pages="{666--683}",
  year="{2016}",
  publisher="{Wiley Online Library}"
}


@article{Markovinvic02,
  title="{Subspace identification of low-order reservoir models}",
  author="{Markovinvi{\'c}, R and Geurtsen, EL and Jansen, JD}",
  journal="{Developments in Water Science}",
  volume="{47}",
  pages="{281--288}",
  year="{2002}",
  publisher="{Elsevier}"
}


@article{Hauenstein17,
  title="{On deflation and multiplicity structure}",
  author="{Hauenstein, Jonathan D and Mourrain, Bernard and Szanto, Agnes}",
  journal="{Journal of Symbolic Computation}",
  volume="{83}",
  pages="{228--253}",
  year="{2017}",
  publisher="{Elsevier}"
}

@article{Saad00,
  title="{A deflated version of the conjugate gradient algorithm}",
  author="{Y. Saad, M. Yeung, J. Erhel, Jocelyne and F. Guyomarc'h}",
  journal="{SIAM Journal on Scientific Computing}",
  volume="{21}",
  number="{5}",
  pages="{1909--1926}",
  year="{2000}",
  publisher="{SIAM}"
}

@article{Gaul13,
  title="{A framework for deflated and augmented Krylov subspace methods}",
  author="{Gaul, Andr{\'e} and Gutknecht, Martin H and Liesen, JoÌˆrg and Nabben, Reinhard}",
  journal="{SIAM Journal on Matrix Analysis and Applications}",
  volume="{34}",
  number="{2}",
  pages="{495--518}",
  year="{2013}",
  publisher="{SIAM}"
}



@inproceedings{Yadav14limited,
  title="{Limited-Memory Deflated Conjugate Gradient for Solid Mechanics}",
  author="{Yadav, Praveen and Suresh, Krishnan}",
  booktitle="{Proceedings of the ASME 2014 International Design Engineering Technical Conferences \& Computers and Information in Engineering Conference}",
  year="{2014}"
}


@article{Rashedi16,
  title="{On short recurrence Krylov type methods for linear systems with many right-hand sides}",
  author="{Rashedi, Somaiyeh and Ebadi, Ghodrat and Birk, Sebastian and Frommer, Andreas}",
  journal="{Journal of Computational and Applied Mathematics}",
  volume="{300}",
  pages="{18--29}",
  year="{2016}",
  publisher="{Elsevier}"
}



@article{He11,
  title="{Enhanced linearized reduced-order models for subsurface flow simulation}",
  author="{He, Jincong and S{\ae}trom, J and Durlofsky, Louis J}",
  journal="{Journal of Computational Physics}",
  volume="{230}",
  number="{23}",
  pages="{8313--8341}",
  year="{2011}",
  publisher="{Elsevier}"
}


@book{Chen06,
  title="{Computational methods for multiphase flows in porous media}",
  author="{Z. Chen, G. Huan and Y. Ma}",
  year="{2006}",
  publisher="{SIAM}"
}

@book{Aziz79,
  title="{Petroleum reservoir simulation}",
  author="{K. Aziz and A. Settari}",
  year="{1979}",
  publisher="{Chapman \& Hall}"
}


@article{Efendiev12,
  title="{Local--global multiscale model reduction for flows in high-contrast heterogeneous media}",
  author="{Y. Efendiev, J. Galvis and E. Gildin}",
  journal="{Journal of Computational Physics}",
  volume="{231}",
  number="{24}",
  pages="{8100--8113}",
  year="{2012}",
  publisher="{Elsevier}"
}

@inproceedings{Krogstad11,
  title="{A sparse basis POD for model reduction of multiphase compressible flow}",
  author="{S. Krogstad et al.}",
  booktitle="{SPE Reservoir Simulation Symposium}",
  year="{2011}",
  organization="{Society of Petroleum Engineers}"
}

@article{Cardoso09,
  title="{Development and application of reduced-order modeling procedures for subsurface flow simulation}",
  author="{M.A. Cardoso, L.J. Durlofsky and P. Sarma}",
  journal="{International journal for numerical methods in engineering}",
  volume="{77}",
  number="{9}",
  pages="{1322--1350}",
  year="{2009}",
  publisher="{Wiley Online Library}"
}


@book{Quarteroni14,
  title="{Reduced order methods for modeling and computational reduction}",
  author="{A. Quarteroni and G. Rozza}",
  volume="{9}",
  year="{2014}",
  publisher="{Springer}"
}

@book{Antoulas05,
  title="{Approximation of large-scale dynamical systems}",
  author="{A. Antoulas}",
  year="{2005}",
  publisher="{SIAM}"
}






@article{Benzi02,
  title="{Preconditioning techniques for large linear systems: a survey}",
  author="{M. Benzi}",
  journal="{Journal of computational Physics}",
  volume="{182}",
  number="{2}",
  pages="{418--477}",
  year="{2002}",
  publisher="{Elsevier}"
}
@article{Kala14,
  title="{Reduced order modeling for prediction and control of large-scale systems}",
  author="{I. Kalashnikova, S. Arunajatesan, M.F. Barone, B.G. van Bloemen Waanders and J.A. Fike} ",
  journal="{Sandia National Laboratories Report, SAND}",
  number="{2014-4693}",
  year="{2014}"
}
@article{Doren06,
  title="{Reduced-order optimal control of water flooding using proper orthogonal decomposition}",
  author="{J. van Doren,  R. Markovinovi{\'c} and J.D. Jansen}",
  journal="{Computational Geosciences}",
  volume="{10}",
  number="{1}",
  pages="{137--158}",
  year="{2006}",
  publisher="{Springer}"
}
@article{Barone09,
  title="{Reduced order modeling of fluid/structure interaction}",
  author="{M. Barone, I.Kalashnikova, M. Brake and D. Segalman}",
  journal="{Sandia National Laboratories Report, SAND No}",
  volume="{7189}",
  year="{2009}"
}

@article{Kunisch02,
  title="{Galerkin proper orthogonal decomposition methods for a general equation in fluid dynamics}",
  author="{K. Kunisch and S. Volkwein}",
  journal="{SIAM Journal on Numerical analysis}",
  volume="{40}",
  number="{2}",
  pages="{492--515}",
  year="{2002}",
  publisher="{SIAM}"
}

@techreport{Diaz16,
     title = "{Physics-based pre-conditioners for large-scale subsurface flow simulation}",
     author = "{G.B. Diaz Cortes, C. Vuik and J.D. Jansen}",
     group = "{DIAM}",
     year = "{2016}",
     institution = "{Delft University of Technology, Department of Applied Mathematics}",
     month =" {03}",
     Date-Added = "{2016-03}",

}




@inproceedings{Diaz16_E,
  title =        "{Physics-based Pre-conditioners for Large-scale Subsurface Flow Simulation}",
  booktitle =    "{Proceedings of the 15th European Conference on the Mathematics of Oil Recovery, ECMOR XV}",
  author =       "{G.B. Diaz Cortes, C. Vuik and J.D. Jansen}",
  venue =       " {Amsterdam, the Netherlands}",
  month =        August,
  year =         "{2016}",

}

@inproceedings{Klie07,
  title="{Deflation AMG solvers for highly ill-conditioned reservoir simulation problems}",
  author="{H. Klie, M.F. Wheeler, K. Stueben, T. Clees et al.}",
  booktitle="{SPE Reservoir Simulation Symposium}",
  year="{2007}",
  organization="{Society of Petroleum Engineers}"
}
@article{Pasetto16,
  title="{A reduced order model-based preconditioner for the efficient solution of transient diffusion equations}",
  author="{D. Pasetto,  M. Ferronato and M. Putti}",
  journal="{International Journal for Numerical Methods in Engineering}",
   volume="{109}",
  number="{8}",
  pages="{1159-1179}",
  year="{2017}",
  publisher="{Wiley Online Library}"
}
@article{Carlberg15,
  title="{Krylov-subspace recycling via the POD-augmented conjugate-gradient method}",
  author="{K. Carlberg, V. Forstall and R. Tuminaro}",
  journal="{SIAM Journal on Matrix Analysis and Applications}",
  volume="{37}",
  number="{3}",
  pages="{1304-1336}",
  year="{2016}",
  publisher="{SIAM}"
}

@article{carlberg2016krylov,
  title={},
  author={Carlberg, Kevin and Forstall, Virginia and Tuminaro, Ray},
  
}
@PhdThesis{Tang08,
           title = "{Two-Level Preconditioned Conjugate Gradient Methods with Applications to 
       Bubbly Flow Problems}",
          author = "J. Tang",
          school = "Delft University of Technology",

            year = "2008",
} 
@article{Tang07,
  title="{On deflation and singular symmetric positive semi-definite matrices}",
  author="{J. Tang and C. Vuik}",
  journal="{Journal of computational and applied mathematics}",
  volume="{206}",
  number="{2}",
  pages="{603--614}",
  year="{2007}",
  publisher="{Elsevier}"
}

@PhdThesis{Mark09,
           title = "{System-Theoretical Model Reduction for Reservoir Simulation and Optimization}",
          author = "R. Markovinovi{\'c} ",
          school = "Delft University of Technology",

            year = "2009",
} 
@article{Mark06,
  title="{Accelerating iterative solution methods using reduced-order models as solution predictors.}",
  author="{R. Markovinovi{\'c} and J.D. Jansen}",
  journal="International journal for numerical methods in engineering",
  volume="68",
  number="5",
  pages=" 525-541",
  year="2006",
  publisher="Wiley Online Library"
}
@MastersThesis{Jiang13,
  title="{Pressure Preconditioning Using Proper Orthogonal Decomposition.}",
  author="R. Jiang",
  year="2013",
  school="Stanford University"
}


@book{Donnez07,
    author    = "P. Donnez",
    title     = "{Essentials of Reservoir Engineering.}",
    year      = "2007",
    publisher = "Editions Technip",

}
@book{Strang09,
  
  author = "{G. Strang}",
  publisher = "{Wellesley-Cambridge Press}",
  title = "{Linear Algebra and Its Applications}",
  year =" 2009"
}

@book{Dake78,
    author    = "L.P. Dake ",
    title     = "{Fundamentals of Reservoir Engineering.}",
    year      = "1978",
    publisher = "Elsevier",

}
@book{Lie13,
    author    = "{K.A. Lie}",
    title     = "{An Introduction to Reservoir Simulation Using MATLAB:
    User guide for the Matlab Reservoir Simulation Toolbox (MRST).}",
    year      = "2013",
    publisher = "SINTEF ICT",
}

 . , May 2014.
@book{Jansen13,
    author    = "{J.D. Jansen} ",
    title     = "{A systems description of flow through porous media.}",
    year      = "2013",
    publisher = "Springer",
    page      = "12"

}

@article{Vuik99,
    author    = "{C. Vuik, A. Segal and J.A. Meijerink}",
    title     = "{An Efficient Preconditioned CG Method for the
                  Solution of a Class of Layered Problems with
                  Extreme Contrasts in the Coefficients.}",
    journal   = "Journal of Computational Physics",
    volume   = "152",

    pages    = " 385",
    year      = "1999",

}

@article{Clemens04,
    author    = "{M. Clemens, M. Wilke, R. Schuhmann and T. Weiland}",
    title     = "{Subspace projection extrapolation scheme for transient field simulations.}",
    journal   = "IEEE Transactions on Magnetics",
    volume   = "40",
    number   = "2",
    pages    = " 934-937 ",
    year      = "2004",
    month    = "",
    note     = "",
}

@article{Vuik02,
    author    = "{C. Vuik, A. Segal, L. Yaakoubi and E. Dufour}",
    title     = "{A comparison of various deflation vectors applied to elliptic problems with discontinuous coefficients.}",
    journal   = "Applied Numerical Mathematics",
    volume   = "41 ",
    number   = "1",
    pages    = " 219-233",
    year      = "2002",

}
@book{Smith96,
    author    = "{B. Smith, P. Bjorstad and W. Gropp}",
    title     = "{Domain decomposition: parallel multilevel methods for elliptic partial differential equations.}",
    publisher = "Cambridge University Press New York",
    volume   = "",
    number   = "",
    series   = "",
    address  = "",
    edition  = "",
    year      = "1996",
    month    = "",
    note     = "",
}
@book{Saad03,
    author    = "Y. Saad",
    title     = "{Iterative Methods for Sparse Linear Systems.}",
    publisher = "SIAM",
    volume   = "",
    number   = "",
    series   = "Society for Industrial and Applied Mathematics Philadelphia, PA, USA ",
    address  = "",
    edition  = "2nd",
    year      = "2003 ",
    month    = "",
    note     = "",
}
@inproceedings{Astrid11,
    author    = "{P. Astrid, G. Papaioannou, J.C. Vink and J.D. Jansen}",
    title     = "{Pressure Preconditioning Using Proper Orthogonal Decomposition.}",
    journal   = "{SPE Reservoir Simulation Symposium. Society of Petroleum Engineers}",
    volume   = "",
    number   = "",
    year      = "2011",
    note     = "",
    booktitle="{2011 SPE Reservoir Simulation Symposium, The Woodlands, Texas, USA}",
  pages="21--23"
}


@article{Vermeulen05,
  title="{Inverse modeling of groundwater flow using model reduction}",
  author="{Vermeulen, PTM and Heemink, AW and Valstar, JR}",
  journal="{Water resources research}",
  volume="{41}",
  number="{6}",
  year="{2005}",
  publisher="{Wiley Online Library}"
}
@article{Vermeulen04,
title = "{Reduced models for linear groundwater flow models using empirical orthogonal functions.} ",
journal = "Advances in Water Resources ",
volume = "27",
number = "1",
pages = " 57-69",
year = "2004",
note = "",
author = "{P.T.M. Vermeulen, A.W. Heemink and C.B.M. Te Stroet}",

}
@article{Heijn04,
  title="{Generation of low-order reservoir models using system-theoretical concepts}",
  author="{T. Heijn, R. Markovinovic, J.D. Jansen  et al.}",
  journal="SPE Journal",
  volume="9",
  number="02",
  pages=" 202-218",
  year="2004",
  publisher="Society of Petroleum Engineers"
}

@article{vanDoren06,
year="2006",
journal="Computational Geosciences",
volume="10",
number="1",
title="{Reduced-order optimal control of water flooding using proper orthogonal decomposition.}",
publisher="Springer Netherlands",
keywords="reservoir engineering; water flooding; optimal control; proper orthogonal decomposition; Karhunenâ€“LoÃ¨ve; reduced-order model; reduction",
author="{J. van Doren, R. MarkovinoviÄ‡ and J.D. Jansen}",
pages=" 137-158",

}
@article{vanEssen09,
  title="{Robust waterflooding optimization of multiple geological scenarios.}",
  author=" G. van Essen; M. Zandvliet; P. Van den Hof; O. Bosgra; J.D. Jansen; et al.",
  journal="SPE Journal",
  volume="14",
  number="01",
  pages=" 202-210",
  year="2009",
  publisher="Society of Petroleum Engineers"
}

@inproceedings{Hall98,
  title="{Incremental Eigenanalysis for Classification.}",
  author=" P. Hall; D. Marshall; R. Martin",
  booktitle="BMVC",
  volume="98",
  pages=" 286-295",
  year="1998"
}

@book{Golub96,
 author = "G. Golub and C. Van Loan",
 title = "{Matrix Computations.}",
 year = "1996",
 isbn = "0-8018-5414-8",
 publisher = "Johns Hopkins University Press",
 address = "Baltimore, MD, USA",
 edition  = "3rd",
} 

@article{ Grinberg11,
Author = "L. Grinberg and G. Karniadakis",
Title = "{Extrapolation-Based Acceleration of Iterative Solvers: Application to
   Simulation of 3D Flows.}",
Journal = "COMMUNICATIONS IN COMPUTATIONAL PHYSICS",
Year = "2011",
Volume = "9",
Number = "3, SI",
Pages = " 607-626",
Month = "MAR",
DOI = "10.4208/cicp.301109.080410s",
ISSN = "1815-2406",
ResearcherID-Numbers = "Grinberg, Leopold/D-3708-2011",
Unique-ID = "ISI:000289958900008",
}
@article{Gharbi97,
  title="{Prediction of unstable fluid displacements in porous media using the Karhunen-Loeve (LL) decomposition.}",
  author="R.B. Gharbi; N. Smaoui and E.J. Peters",
  journal="In Situ",
  volume="21",
  number="4",
  pages=" 331-356",
  year="1997",
  publisher="Marcel Dekker Inc., New York, USA"
}
@inproceedings{Heijn03,
  title="{Generation of low-order reservoir models using system-theoretical concepts.}",
  author="T. Heijn; R. Markovinovi{\'c}; J.D. Jansen; et al.",
  booktitle="SPE Reservoir Simulation Symposium",
  year="2003",
  organization="Society of Petroleum Engineers"
}
@book{dechaumphai2011numerical,
  title={Numerical Methods in Engineering: Theories with MATLAB, Fortran, C and Pascal Programs},
  author={Dechaumphai, Pramote and Wansophark, N},
  year={2011},
  publisher={Alpha Science International}
}
@article{Tang09,
  title="{Comparison of two-level preconditioners derived from deflation, domain decomposition and multigrid methods}",
  author="{J.M. Tang, R. Nabben, C. Vuik and Y. Erlangga}",
  journal={Journal of scientific computing},
  volume={39},
  number={3},
  pages={340-370},
  year={2009},
  publisher={Springer}
}

@article{Christie01,
  title="{Tenth SPE Comparative Solution Project: 
a Comparison of Upscaling Techniques.}",
  author="{M.A. Christie and M.J. Blunt}",
  journal="{SPE Reservoir Engineering and Evaluation}",
  volume="{4}",
  number="{4}",
  pages="{308-317}",
  year="{2001}",
  publisher="{Springer}"
}

@inproceedings{Cordazzo02,
  title="{Interblock transmissibility calculation analysis for petroleum reservoir simulation}",
  author="{J. Cordazzo, Maliska, R. Clovis  and A.F.C. da Silva}",
  booktitle="{2nd Meeting on Reservoir Simulation, Universidad Argentina de la Empresa, Buenos Aires, Argentina, November}",
  pages="{5--6}",
  year="{2002}"
}







