@article{myarticle,
author = {\Switch{Ouden}{den}{Den} Ouden},
title = {My First Article},
Journal = {Some Math Journal},
volume = {1},
year = {2015},
pages = {1-20}
}

@article{Ouden2013,
author = {\Switch{Ouden}{Den}{den} Ouden, D. and L. Zhao and C. Vuik and J. Sietsma and F.J. Vermolen},
title = {{Modelling precipitate nucleation and growth with multiple precipitate species under isothermal conditions: Formulation and analysis}},
journal = {Computational Materials Science},
volume = {79},
pages = {933--943},
year = {2013}
}